@inbook{golomb_ref,
place={Cambridge},
title={Signal design for good correlation: for wireless communication, cryptography, and Radar},
publisher={Cambridge University Press},
author={Golomb, Solomon W. and Gong, Guang},
year={2005},
pages={1-9},}

@inbook{manfred_totient,
  author = {Manfred Schroeder},
  title = {Number theory in science and communication with applications in cryptography, physics,
    digital information, computing,
    and self-similarity},
  year = {2009},
  publisher = {Springer},
  page = {13},
}


@ARTICLE{shannon_noise,
  author={C. E. {Shannon}},
  journal={Proceedings of the IEEE},
  title={Communication In The Presence Of Noise},
  year={1998},
  volume={86},
  number={2},
  pages={447-457},}

@ARTICLE{prn_radar_example1,
  author={S. W. {Hogberg} and J. {Si}},
  journal={IEEE Transactions on Aerospace and Electronic Systems},
  title={Decimating pseudorandom noise receiver},
  year={1999},
  volume={35},
  number={1},
  pages={338-343},}

@INPROCEEDINGS{prn_radar_example2,
  author={E. J. {Holder} and D. {Aalfs} and B. M. {Keel} and M. {Dorsett}},
  booktitle={2001 CIE International Conference on Radar Proceedings (Cat No.01TH8559)},
  title={A comparison of PRN and LFM waveforms and processing in terms of the impact on radar resources},
  year={2001},
  volume={},
  number={},
  pages={529-532},}

@online{DSSS_1,
  author = {Ian {Poole}},
  title = {Direct Sequence Spread Spectrum: the basics},
  url={https://web.archive.org/web/20200724125605/https://www.electronics-notes.com/articles/radio/dsss/what-is-direct-sequence-spread-spectrum.php},
  urldate = {2020-07-24},}

@ARTICLE{DSSS,
  author={P. G. {Flikkema}},
  journal={IEEE Signal Processing Magazine},
  title={Spread-spectrum techniques for wireless communication},
  year={1997},
  volume={14},
  number={3},
  pages={26-36},}

@article{GPS,
  author={Valery P. Ipatov and Boris V. Shebshayevich},
  title={Some proposals on signal formats for future GNSS air Interface},
  publisher={InsideGNSS},
  year={2010},
}

@ARTICLE{everett,
  author={D. {Everett}},
  title={Periodic Digital Sequences with Pseudonoise Properties},
  journal={G.B.C. Journal},
  year={1966},
  volume={33},
  number={3},
}

@techreport{white_noise,
  author       = {Jeffrey A. Fessler},
  title        = {On Transformations of Random Vectors},
  institution  = {The University of Michigan},
  year         = 1998,
  number       = 314,
  month        = {Aug.},
}

@ARTICLE{gold_codes,
  author={R. {Gold}},
  journal={IEEE Transactions on Information Theory},
  title={Optimal binary sequences for spread spectrum multiplexing (Corresp.)},
  year={1967},
  volume={13},
  number={4},
  pages={619-621},}

@techreport{legendre_sequences,
  author      = {Neal Zierler},
  title       = {Legendre sequences},
  institution = {Massachusetts Institute of Technology},
  year        = 1958,
  month       = {May.},
  url         = https://web.archive.org/web/20200729211042/https://apps.dtic.mil/dtic/tr/fulltext/u2/268167.pdf
}

@article{tirkel_composition,
  title = {Steganography - Applications of Coding Theory},
  author = {A. Z. Tirkel and C. F. Osborne and T. E. Hall},
  year = 1997,
  month = {Jul.},
  institution = {Monash University}
}

@techreport{costas_costas,
  author = {J. P. Costas},
  title  = {Medium constraints on sonar design and performance},
}

@article{gilbert_costas,
  author={E. N. Gilbert},
  year=1965,
  month=04,
  title={Latin Squares which Contain No Repeated Digrams},
  journal={SIAM Review},
  volume=7,
  number=2,
  pages={189-10},
  keywords={Technology: Comprehensive Works},
  isbn={00361445},
  language={English},
}

@inproceedings{moreno_costas,
  author = {Moreno, O. and Tirkel, Andrew},
  year = {2012},
  month = {Jun.},
  title = {New Optimal Low Correlation Sequences for Wireless Communications},
  doi = {10.1007/978-3-642-30615-0_20}
}




@book{Sommerville,
  title={Software Engineering},
  author={Ian Sommerville},
  edition=8,
  publisher={Addison-Wesley},
  year=2007
}

@MastersThesis{Mario_diaz,
    author = {Mario DÃ­az},
    title  = {Development of a game about management of software projects},
    school = {Universidad de Cantabria},
    year   = {2019},
    type = {Bachelor's thesis},
  }

@online{QuickCheck,
  title = {QuickCheck library},
  url = {https://hackage.haskell.org/package/QuickCheck},
}

@online{Hypothesis,
  title = {Hypothesis library},
  url   = {https://hypothesis.readthedocs.io/en/latest/},
}








@online{Sage,
  title = {SageMath},
  url = {https://sagemath.org/},
}

@online{cocalc,
  title = {CoCalc},
  url = {https://cocalc.com/},
}

@online{Python,
  title = {Python},
  url   = {https://www.python.org/},
}

@online{Cython,
  title = {Cython},
  url   = {https://cython.org/}
}

@book{Cython_book,
  title = {Learning Cython Programming},
  publisher = {Packt Publishing},
  author = {Philip Herron},
  year = {2013}
}

@online{numpy,
  title = {NumPy},
  url   = {https://numpy.org/},
}

@online{gsl,
  title = {GSL},
  url   = {https://www.gnu.org/software/gsl/},

}

@online{postgres,
  title = {PostgreSQL},
  url   = {https://www.postgresql.org/},
}

@online{POSIX_arguments,
  title = {POSIX},
  url = {https://web.archive.org/web/20200804110243/https://pubs.opengroup.org/onlinepubs/9699919799/basedefs/V1_chap12.html},
}

@online{mpich,
  title = {MPICH},
  url = {https://www.mpich.org/}
}

@online{calderon,
  title = {Calderon computer},
  url = {https://web.archive.org/web/20200823200600/https://www.ce.unican.es/resource/computing/}
}

@article{Mertens_1996,
  year = 1996,
  month = {Sep.},
  publisher = {{IOP} Publishing},
  volume = {29},
  number = {18},
  author = {S Mertens},
  journal = {Journal of Physics A: Mathematical and General},
  title = {Exhaustive search for low-autocorrelation binary sequences},
}

@article{Packebusch_2016,
	doi = {10.1088/1751-8113/49/16/165001},
	year = 2016,
	month = {mar},
	publisher = {{IOP} Publishing},
	volume = {49},
	number = {16},
	pages = {165001},
	author = {Tom Packebusch and Stephan Mertens},
	title = {Low autocorrelation binary sequences},
	journal = {Journal of Physics A: Mathematical and Theoretical},
	abstract = {Binary sequences with minimal autocorrelations have applications in communication engineering, mathematics and computer science. In statistical physics they appear as groundstates of the Bernasconi model. Finding these sequences is a notoriously hard problem, that so far can be solved only by exhaustive search. We review recent algorithms and present a new algorithm that finds optimal sequences of length N in time . We computed all optimal sequences for  and all optimal skewsymmetric sequences for .}
}

@article{ anatoli,
	author = {A.N. Leukhin and V.I. Bezrodnyi and Yu.A. Kozlova},
	title = {LABS problem and ground state spin glasses system},
	DOI= "10.1051/epjconf/201713202013",
	journal = {EPJ Web Conf.},
	year = 2017,
	volume = 132,
	pages = "02013",
}



@article{fast_fourier_transform,
  author = {James W. Cooley, John W. Tukey},
  title  = {An Algorithm for the Machine Calculation of Complex Fourier Series},
  journal = {Mathematics of Computation},
  year = 1965,
  volume = 19,
  pages = {297-301}
}
